@article{mellado2012factorization,
  title={Factorization of the Fourier transform of the pressure-Poisson equation using finite differences in colocated grids},
  author={Mellado, Juan Pedro and Ansorge, Cedrick},
  journal={ZAMM-Journal of Applied Mathematics and Mechanics/Zeitschrift f{\"u}r Angewandte Mathematik und Mechanik},
  volume={92},
  number={5},
  pages={380--392},
  year={2012},
  publisher={Wiley Online Library}
}

@article{frigo2005design,
  title={The design and implementation of FFTW3},
  author={Frigo, Matteo and Johnson, Steven G},
  journal={Proceedings of the IEEE},
  volume={93},
  number={2},
  pages={216--231},
  year={2005},
  publisher={IEEE}
}
